<record><leader>00000cas a2200000 a 4500</leader><controlfield tag="001">30305409</controlfield><controlfield tag="008">940420d18411872mauwr ne      0    0eng c</controlfield><datafield ind1=" " ind2=" " tag="010"><subfield code="a">sn 94051539 </subfield></datafield><datafield ind1=" " ind2=" " tag="040"><subfield code="a">CNK</subfield><subfield code="b">eng</subfield><subfield code="c">CNK</subfield><subfield code="d">MGN</subfield><subfield code="d">OCL</subfield><subfield code="d">NYS</subfield><subfield code="d">OCLCQ</subfield><subfield code="d">OCLCF</subfield><subfield code="d">OCLCO</subfield></datafield><datafield ind1="1" ind2=" " tag="029"><subfield code="a">AU@</subfield><subfield code="b">000010972539</subfield></datafield><datafield ind1=" " ind2=" " tag="042"><subfield code="a">pcc</subfield></datafield><datafield ind1=" " ind2=" " tag="043"><subfield code="a">n-us-ma</subfield></datafield><datafield ind1="0" ind2="0" tag="245"><subfield code="a">Christian witness &amp; church advocate.</subfield></datafield><datafield ind1="3" ind2=" " tag="246"><subfield code="a">Christian witness and church advocate</subfield></datafield><datafield ind1="1" ind2="7" tag="246"><subfield code="a">Witness and advocate</subfield><subfield code="f">1841-1842&gt;</subfield></datafield><datafield ind1=" " ind2=" " tag="260"><subfield code="a">Boston [Mass.] :</subfield><subfield code="b">James B. Dow,</subfield><subfield code="c">1841-1872.</subfield></datafield><datafield ind1=" " ind2=" " tag="300"><subfield code="a">v. :</subfield><subfield code="b">ill. ;</subfield><subfield code="c">53-63 cm.</subfield></datafield><datafield ind1=" " ind2=" " tag="310"><subfield code="a">Weekly</subfield></datafield><datafield ind1="0" ind2=" " tag="362"><subfield code="a">Vol. 7, no. 5 (Mar. 26, 1841)-v. 38, no. 5 (Feb. 1, 1872).</subfield></datafield><datafield ind1=" " ind2=" " tag="500"><subfield code="a">"Ye shall be witnesses unto me."</subfield></datafield><datafield ind1=" " ind2=" " tag="500"><subfield code="a">"E.P. Dutton &amp; Co., Publishers" &lt;1862-1863&gt;</subfield></datafield><datafield ind1=" " ind2=" " tag="515"><subfield code="a">Some issues misnumbered.</subfield></datafield><datafield ind1="2" ind2="0" tag="610"><subfield code="a">Episcopal Church</subfield><subfield code="z">Massachusetts</subfield><subfield code="v">Newspapers.</subfield></datafield><datafield ind1=" " ind2="0" tag="651"><subfield code="a">Boston (Mass.)</subfield><subfield code="v">Newspapers.</subfield></datafield><datafield ind1=" " ind2="0" tag="651"><subfield code="a">Suffolk County (Mass.)</subfield><subfield code="v">Newspapers.</subfield></datafield><datafield ind1=" " ind2="7" tag="655"><subfield code="a">Newspapers.</subfield><subfield code="2">fast</subfield><subfield code="0">(OCoLC)fst01423814</subfield></datafield><datafield ind1="2" ind2="7" tag="610"><subfield code="a">Episcopal Church.</subfield><subfield code="2">fast</subfield><subfield code="0">(OCoLC)fst00533119</subfield></datafield><datafield ind1=" " ind2="7" tag="651"><subfield code="a">Massachusetts.</subfield><subfield code="2">fast</subfield><subfield code="0">(OCoLC)fst01204307</subfield></datafield><datafield ind1=" " ind2="7" tag="651"><subfield code="a">Massachusetts</subfield><subfield code="z">Boston.</subfield><subfield code="2">fast</subfield><subfield code="0">(OCoLC)fst01205012</subfield></datafield><datafield ind1=" " ind2="7" tag="651"><subfield code="a">Massachusetts</subfield><subfield code="z">Suffolk County.</subfield><subfield code="2">fast</subfield><subfield code="0">(OCoLC)fst01206189</subfield></datafield><datafield ind1=" " ind2=" " tag="752"><subfield code="a">United States</subfield><subfield code="b">Massachusetts</subfield><subfield code="c">Suffolk</subfield><subfield code="d">Boston.</subfield></datafield><datafield ind1="0" ind2="0" tag="780"><subfield code="t">Christian witness (Boston, Mass.)</subfield><subfield code="w">(DLC)sn 94055920</subfield><subfield code="w">(OCoLC)31325483</subfield></datafield><datafield ind1="0" ind2="4" tag="785"><subfield code="t">Church &amp; state, Protestant churchman</subfield><subfield code="w">(DLC)sn 93062868</subfield><subfield code="w">(OCoLC)27730818</subfield></datafield></record>